<record><leader>00000cas a2200000 a 4500</leader><controlfield tag="001">25757263</controlfield><controlfield tag="008">920504d1881188uiludn ne      0   a0eng c</controlfield><datafield ind1=" " ind2=" " tag="010"><subfield code="a">sn 92053187 </subfield></datafield><datafield ind1=" " ind2=" " tag="040"><subfield code="a">NVF</subfield><subfield code="b">eng</subfield><subfield code="c">NVF</subfield><subfield code="d">CVF</subfield><subfield code="d">OCLCQ</subfield><subfield code="d">NVF</subfield><subfield code="d">OCLCQ</subfield><subfield code="d">OCLCF</subfield><subfield code="d">OCLCO</subfield><subfield code="d">NVF</subfield></datafield><datafield ind1=" " ind2=" " tag="042"><subfield code="a">pcc</subfield></datafield><datafield ind1=" " ind2=" " tag="043"><subfield code="a">n-us-il</subfield></datafield><datafield ind1="0" ind2=" " tag="130"><subfield code="a">Ottawa journal (Ottawa, Ill. : Daily)</subfield></datafield><datafield ind1="1" ind2="4" tag="245"><subfield code="a">The Ottawa journal.</subfield></datafield><datafield ind1=" " ind2=" " tag="260"><subfield code="a">Ottawa, Ill. :</subfield><subfield code="b">Williams &amp; Wilson,</subfield><subfield code="c">1881-[188-?]</subfield></datafield><datafield ind1=" " ind2=" " tag="300"><subfield code="a">v.</subfield></datafield><datafield ind1=" " ind2=" " tag="310"><subfield code="a">Daily (except Sunday)</subfield></datafield><datafield ind1="0" ind2=" " tag="362"><subfield code="a">Vol. 2, no. 79 (Apr. 4, 1881)-</subfield></datafield><datafield ind1=" " ind2=" " tag="515"><subfield code="a">Suspended Apr. 21-May 1, 1881.</subfield></datafield><datafield ind1=" " ind2=" " tag="588"><subfield code="a">Latest issue consulted: Jan. 21, 1882.</subfield></datafield><datafield ind1=" " ind2="0" tag="651"><subfield code="a">Ottawa (Ill.)</subfield><subfield code="v">Newspapers.</subfield></datafield><datafield ind1=" " ind2="7" tag="651"><subfield code="a">Illinois</subfield><subfield code="z">Ottawa.</subfield><subfield code="2">fast</subfield><subfield code="0">(OCoLC)fst01226738</subfield></datafield><datafield ind1=" " ind2="7" tag="655"><subfield code="a">Newspapers.</subfield><subfield code="2">fast</subfield><subfield code="0">(OCoLC)fst01423814</subfield></datafield><datafield ind1=" " ind2=" " tag="752"><subfield code="a">United States</subfield><subfield code="b">Illinois</subfield><subfield code="c">La Salle County</subfield><subfield code="d">Ottawa.</subfield></datafield><datafield ind1="0" ind2="0" tag="780"><subfield code="t">Evening journal (Ottawa, Ill.)</subfield><subfield code="w">(DLC)sn 92053186</subfield><subfield code="w">(OCoLC)25757209</subfield></datafield><datafield ind1="0" ind2="0" tag="785"><subfield code="t">Ottawa daily journal</subfield><subfield code="w">(DLC)sn 87056735</subfield><subfield code="w">(OCoLC)17165887</subfield></datafield></record>